@inproceedings{cohen:hal-02478907,
  TITLE = {{Hierarchy Builder: algebraic hierarchies made easy in Coq with Elpi}},
  AUTHOR = {Cohen, Cyril and Sakaguchi, Kazuhiko and Tassi, Enrico},
  URL = {https://hal.inria.fr/hal-02478907},
  KEYWORDS = {$\lambda$Prolog ; Elpi ; Metaprogramming ; Packed Classes ; Coq ; and phrases Algebraic Hierarchy ; $\lambda$Prolog 28},
  PDF = {https://hal.inria.fr/hal-02478907/file/hb.pdf},
  HAL_ID = {hal-02478907},
  HAL_VERSION = {v4},
  booktitle =	{FSCD},
  year =	{2020},
}
@inproceedings{nearrings,
 author = {Gerhard Betsch},
 title = {On the beginnings and development of near-ring theory},
 pages = {1-11},
 booktitle = {Near-rings and near-fields. Proceedings of the conference held in Fredericton, New Brunswick, July 18-24, 1993},
 editors = {Yuen Fong, Howard E. Bell, Wen-Fong Ke, Gordon Mason and Gunter Pilz},
 publisher = {Mathematics and its Applications, 336. Kluwer Academic Publishers Group, Dordrecht},
 isbn = {0-7923-3635-6},
 year = {1995}
}
